@article{biavaschi2017economic,
  title={The economic payoff of name americanization},
  author={Biavaschi, Costanza and Giulietti, Corrado and Siddique, Zahra},
  journal={Journal of Labor Economics},
  volume={35},
  number={4},
  pages={1089--1116},
  year={2017},
  publisher={University of Chicago Press Chicago, IL}
}

@article{abramitzky2014nation,
  title={A nation of immigrants: Assimilation and economic outcomes in the age of mass migration},
  author={Abramitzky, Ran and Boustan, Leah Platt and Eriksson, Katherine},
  journal={Journal of Political Economy},
  volume={122},
  number={3},
  pages={467--506},
  year={2014},
  publisher={University of Chicago Press Chicago, IL}
}

@article{goldin2004making,
  title={Making a name: Women's surnames at marriage and beyond},
  author={Goldin, Claudia and Shim, Maria},
  journal={Journal of Economic Perspectives},
  volume={18},
  number={2},
  pages={143--160},
  year={2004}
}

@article{arai2009renouncing,
  title={Renouncing personal names: An empirical examination of surname change and earnings},
  author={Arai, Mahmood and Skogman Thoursie, Peter},
  journal={Journal of Labor Economics},
  volume={27},
  number={1},
  pages={127--147},
  year={2009},
  publisher={The University of Chicago Press}
}

@techreport{abramitzky2016cultural,
	title={Cultural assimilation during the age of mass migration},
	author={Abramitzky, Ran and Boustan, Leah Platt and Eriksson, Katherine},
	year={2016},
	institution={National Bureau of Economic Research}
}

@article{ruggles2015integrated,
	title={Integrated Public Use Microdata Series (IPUMS): Version 8.0 [dataset]},
	author={Ruggles, Steven and Genadek, Katie and Goeken, Ronald and Grover, Josiah and Sobek, Matthew},
	journal={University of Minnesota, Minneapolis, available at https://doi.org/10.18128/D010.V8.0},
	year={2018}
}

@article{fouka2016backlash,
	title={Backlash: The unintended effects of language prohibition in US schools after World War I},
	author={Fouka, Vasiliki},
	journal={Stanford Center for International Development Working Paper},
	volume={591},
	year={2016}
}

@article{saavedra2018kenji,
	title={Kenji or Kenneth? Pearl Harbor and Japanese-American Assimilation},
	author={Saavedra, Martin Hugo},
	year={2018}
}

@article{ward2017birds,
	title={Birds of passage: Return migration, self-selection and immigration quotas},
	author={Ward, Zachary},
	journal={Explorations in Economic History},
	volume={64},
	pages={37--52},
	year={2017},
	publisher={Elsevier}
}